<record><leader>00000cas a2200000 a 4500</leader><controlfield tag="001">8805019</controlfield><controlfield tag="008">820924d185118uukyuir ne      0   a0eng  </controlfield><datafield ind1=" " ind2=" " tag="010"><subfield code="a">sn 82014999 </subfield></datafield><datafield ind1=" " ind2=" " tag="040"><subfield code="a">DLC</subfield><subfield code="b">eng</subfield><subfield code="c">DLC</subfield><subfield code="d">NPX</subfield><subfield code="d">KNP</subfield><subfield code="d">DLC</subfield><subfield code="d">KNP</subfield><subfield code="d">MGN</subfield><subfield code="d">CVF</subfield><subfield code="d">OCL</subfield><subfield code="d">NVF</subfield><subfield code="d">OCLCO</subfield><subfield code="d">OCLCQ</subfield><subfield code="d">OCLCF</subfield></datafield><datafield ind1="1" ind2=" " tag="029"><subfield code="a">AU@</subfield><subfield code="b">000003012733</subfield></datafield><datafield ind1=" " ind2=" " tag="042"><subfield code="a">pcc</subfield></datafield><datafield ind1=" " ind2=" " tag="043"><subfield code="a">n-us-ky</subfield></datafield><datafield ind1="0" ind2="0" tag="050"><subfield code="a">Newspaper 7895</subfield></datafield><datafield ind1="0" ind2="0" tag="245"><subfield code="a">Tri-weekly Kentucky yeoman.</subfield></datafield><datafield ind1="1" ind2=" " tag="246"><subfield code="i">Published as:</subfield><subfield code="a">Tri-weekly yeoman</subfield><subfield code="f">&lt;Mar. 4-8, 1851&gt;</subfield></datafield><datafield ind1="1" ind2=" " tag="246"><subfield code="i">Published during sessions of the state legislature as:</subfield><subfield code="a">Daily Kentucky yeoman</subfield></datafield><datafield ind1=" " ind2=" " tag="260"><subfield code="a">Frankfort, Ky. :</subfield><subfield code="b">W. Tanner, J.M. Helms and S. McChesney,</subfield><subfield code="c">1851-</subfield></datafield><datafield ind1=" " ind2=" " tag="300"><subfield code="a">v.</subfield></datafield><datafield ind1=" " ind2=" " tag="310"><subfield code="a">Triweekly</subfield></datafield><datafield ind1="0" ind2=" " tag="362"><subfield code="a">Vol. 1, no. 1 (Mar. 4, 1851)-</subfield></datafield><datafield ind1=" " ind2=" " tag="500"><subfield code="a">Publishers: S.I.M. Major, Jr. &amp; Co., &lt;1855&gt;; S.I.M. Major, &lt;1866-1871&gt;; Major &amp; Johnston, &lt;1872-1874&gt;; Major, Johnston &amp; Barrett, &lt;1875-1877&gt;.</subfield></datafield><datafield ind1=" " ind2=" " tag="500"><subfield code="a">Editors: Samuel I.M. Major, Jr., 1852-&lt;1877&gt;; J. Stoddard Johnston, 1867-&lt;1877&gt;; D.C. Barrett, &lt;1875-1877&gt;.</subfield></datafield><datafield ind1=" " ind2=" " tag="500"><subfield code="a">Democratic.</subfield></datafield><datafield ind1=" " ind2=" " tag="580"><subfield code="a">Weekly ed.: Kentucky yeoman, 1851-1854, and: Weekly Kentucky yeoman, 1854-&lt;1884&gt;.</subfield></datafield><datafield ind1=" " ind2="0" tag="651"><subfield code="a">Frankfort (Ky.)</subfield><subfield code="v">Newspapers.</subfield></datafield><datafield ind1=" " ind2="0" tag="651"><subfield code="a">Franklin County (Ky.)</subfield><subfield code="v">Newspapers.</subfield></datafield><datafield ind1=" " ind2="7" tag="655"><subfield code="a">Newspapers.</subfield><subfield code="2">fast</subfield><subfield code="0">(OCoLC)fst01423814</subfield></datafield><datafield ind1=" " ind2="7" tag="651"><subfield code="a">Kentucky</subfield><subfield code="z">Frankfort.</subfield><subfield code="2">fast</subfield><subfield code="0">(OCoLC)fst01209804</subfield></datafield><datafield ind1=" " ind2="7" tag="651"><subfield code="a">Kentucky</subfield><subfield code="z">Franklin County.</subfield><subfield code="2">fast</subfield><subfield code="0">(OCoLC)fst01218114</subfield></datafield><datafield ind1=" " ind2=" " tag="752"><subfield code="a">United States</subfield><subfield code="b">Kentucky</subfield><subfield code="c">Franklin</subfield><subfield code="d">Frankfort.</subfield></datafield><datafield ind1="1" ind2=" " tag="775"><subfield code="t">Weekly Kentucky yeoman</subfield><subfield code="w">(DLC)sn 82015454</subfield></datafield><datafield ind1="1" ind2=" " tag="775"><subfield code="t">Kentucky yeoman</subfield><subfield code="w">(DLC)sn 82015739</subfield></datafield></record>